2914 4558
138 441 703 660 ⁸Pennino
756 501 1227 656 nunonis)
1305 526 1307 534 ’

144 947 484 1088 LITHOLOGIA
509 1015 590 1085 mihi
619 1012 732 1086 cristas
757 1040 823 1084 non
854 1014 981 1104 eriget,
1000 989 1151 1106 Lapides*
1164 981 1281 1110 enimi

98 1133 100 1138 ·
193 1129 275 1194 quos
289 1110 455 1196 quondam
468 1107 501 1176 in
514 1106 638 1177 deliciis
650 1108 771 1194 habui,
791 1107 912 1178 tradita
932 1111 1064 1177 demum
1088 1109 1158 1180 aliis
1178 1107 1279 1182 disci·

195 1197 308 1286 plina,
335 1196 461 1286 seposu'i
476 1249 492 1286 ‚
517 1222 626 1285 neque
641 1215 749 1286 nunc,
776 1194 837 1268 nisi
851 1197 1037 1286 lacessam,
1064 1202 1278 1290 recepissem.

146 1337 307 1409 PRIMUS
342 1358 430 1406 anno
467 1327 552 1424 1736
583 1333 725 1422 Lapides
748 1319 792 1403 ‘in
818 1329 1310 1430 MethodumSystemnticam‘

193 1425 354 1514 disposui,
378 1423 609 1498 constituendo
634 1421 754 1494 Genera
772 1420 837 1494 fixa
857 1421 1096 1496 Characieribus
1109 1425 1283 1520 ,definita

195 1545 264 1608 quae
292 1519 403 1588 omnia
431 1543 497 1585 non
527 1517 677 1594 omnibus
714 1512 817 1586 invisa
848 1517 969 1602 luisse,
994 1542 1035 1588 ex
1058 1516 1183 1607 scriptis
1206 1518 1282 1591 suc-

194 1610 356 1682 cessorum
378 1605 548 1688 intellexi,
572 1607 721 1694 quamvis
748 1605 893 1677 nonnulli
922 1605 1001 1679 meis
1027 1611 1173 1680 humeris
1186 1608 1281 1682 inlis-

191 1724 328 1788 remes,
353 1697 614 1786 circumspexere
644 1697 761 1784 altius,
788 1699 933 1788 quadam
965 1703 1123 1780 mutando
1154 1703 1281 1774 adden·

77 1795 104 1894 3
194 1795 304 1881 doque
327 1797 393 1861 non'
414 1787 483 1861 sine
505 1787 686 1875 supercilio.
906 1797 908 1802 ’

76 1928 102 1998 d
147 1932 262 2004 Delu
285 1929 458 2000 surrexere
485 1925 568 1999 varii
586 1925 748 2014 Litho'logi
773 1929 804 1996 dr
831 1926 1025 2016 Mineralogi
1041 1927 1283 2016 consummati:¹

76 2019 106 2127 ξ
196 2015 1284 2108 WorrnnsnonanLLnRfflS,Jusr·1‚sWAss‚cnons-

198 2130 330 2195 ΤΕΒΤ,
354 2113 488 2182 VoGEL
504 2165 514 2194 ‚
536 2109 590 2196 qui
606 2109 719 2178 divino
735 2107 847 2178 afflatu
863 2105 1009 2195 inspirari
1029 2108 1083 2180 sue
1102 2113 1282 2196 observare

196 2229 273 2277 cum
293 2201 421 2273 erudito
433 2197 523 2270 'orb'e
545 2200 853 2285 communicarunt,
878 2191 993 2291 duilius
1006 2254 1025 2284 „
1043 2197 1131 2290 duod
1146 2193 1283 2276 inliniror

192 2297 311 2368 labore
334 2299 365 2366 &
388 2291 503 2362 sudore
523 2291 683 2361 monrium
699 2295 729 2360 ὅ(
745 2289 874 2362 Natura
885 2291 1032 2378 abyssum
1049 2317 1278 2382 penetrarunt,

194 2386 397 2474 sempiterna
424 2383 466 2452 ab
488 2379 638 2452 omnibus
660 2384 754 2468 aquis
775 2381 962 2452 censoribus
984 2384 1275 2473 debeturgloriu

194 2477 360 2564 sapientes
377 2475 465 2544 enim
479 2473 621 2543 eruditos
640 2475 785 2560 maligno
801 2475 902 2543 dente
926 2471 958 2542 se
974 2475 1119 2544 invicem
1134 2478 1280 2564 rodere,

192 2595 263 2640 non
281 2568 435 2658 equidem
457 2566 620 2652 invideo,
643 2563 697 2636 sed
712 2565 821 2646 miror,
835 2565 935 2652 magis
953 2585 962 2646 3
985 2587 1017 2634 ar
1043 2569 1144 2636 homo
1160 2565 1278 2638 natura

194 2659 299 2731 malus
319 2684 446 2728 morum
468 2655 593 2726 cultura
619 2660 650 2726 dr
676 2652 839 2728 nobilior'e
865 2651 1074 2726 educatione·
1090 2661 1279 2728 emendan·
1322 2665 1326 2675 ’

98 2758 99 2766 ’
195 2751 343 2822 daszde
367 2750 456 2821 ferro
477 2745 526 2818 erl
546 2747 662 2818 ultima
683 2769 767 2816 arras.
1168 2769 1171 2777 ·

149 2887 413 2960 MINERALOGI
428 2885 515 2956 viam
531 2883 723 2956 Chemicam
739 2885 895 2956 incedere
909 2885 1010 2955 coadi
1022 2883 1093 2956 sunt
1102 2909 1163 2974 pro
1177 2885 1278 2975 scopo
1328 2873 1332 2884 ⁸

95 2990 107 3012 ¹
197 2979 396 3064 Metallurgo
420 2976 632 3061 obtinendo,
666 3003 683 3044 a
711 3001 773 3062 qua
798 2979 831 3046 in
856 2978 943 3044 viam
965 2973 1139 3064 Physicam
1164 2975 1278 3047 ascen-

198 3073 277 3140 dere
303 3067 548 3151 allaborarunt3
576 3068 609 3136 hi
643 3067 846 3154 lithologiam
877 3063 935 3135 fibi
972 3065 1180 3138 vindicarunt
1202 3091 1278 3137 ran·

197 3179 292 3252 quam
316 3159 510 3248 propriam,
534 3159 811 3242 quemadmodum
835 3155 956 3228 Medici
982 3158 1059 3228 olim
1079 3158 1286 3230 lioranieen.¹

196 3256 234 3324 ln
261 3247 308 3320 his
331 3251 451 3337 primas
474 3273 566 3320 tenet
590 3251 732 3320 incertus
758 3243 974 3340 (Anonymus
997 3252 1031 3317 in
1060 3249 1277 3410 Mineralosgia

197 3343 308 3413 Helm.
343 3339 437 3429 1756.
464 3339 557 3426 ors.)
591 3341 633 3410 de
669 3344 761 3426 cnjus
796 3364 910 3409 aurore
942 3360 1015 3410 utar
1050 3340 1159 3408 verbis
1195 3341 1277 3411 laci

197 3434 328 3503 mutaris
352 3459 360 3502 :
385 3457 450 3500 vox
471 3431 614 3513 Swabii,
639 3457 752 3500 manus
776 3429 989 3516 Cronstedri3
1019 3428 1133 3502 illius*
1151 3430 1163 3510 )
1185 3431 1295 3502 enim'

196 3527 347 3685 ldognrgtalr
370 3525 492 3683 dudutm
514 3523 547 3592 in
571 3521 722 3592 familiari
746 3519 911 3610 colloquio
939 3519 1073 3607 audivi,
1098 3541 1277 3610 antequam

222 3641 289 3685 rea
314 3639 474 3685 oevera.

171 3945 201 4025 ⁴⁴)
217 3945 353 4010 Summus
365 3946 564 4025 Mineralngrrr
579 3921 649 4011 Ani.
660 3947 748 4010 Swab
761 3947 828 4010 obiit
839 3949 868 4008 d.
888 3944 926 4008 28
947 3941 1014 4006 san.
1037 3943 1121 4022 1768.
1136 3961 1184 4004 aer.
1204 3945 1255 4024 64.

956 4083 962 4091 a
987 4123 991 4130 ι
1004 4051 1037 4125 Α
1059 4068 1078 4115 2
