2914 4558
177 295 199 390 ε
379 310 705 402 runra'rto
752 285 1073 402 norr‘onrs.

219 493 343 574 Terras
368 499 549 572 acescendo
577 501 630 572 vel
647 499 863 590 putrescendo
882 500 966 590 gigni
982 527 1048 571 non
1066 495 1125 570 nist
1143 502 1185 572 de
1198 503 1299 574 humo

125 611 129 619 '
175 593 290 672 valet;
319 590 444 662 calcem
478 619 543 662 non
577 618 710 664 omnem
744 615 786 661 ex
817 593 947 662 animali
980 617 1081 680 regno
1113 590 1299 679 proficisci,

171 704 224 753 ror
239 684 397 752 montium
414 682 626 753 calcariorum
653 684 877 771 primaevorum
892 733 906 772 ,
920 680 990 752 five
1003 707 1094 752 atate
1108 685 1299 769 corporibus

169 773 364 844 animalibus
395 770 595 862 superiorum
614 773 766 846 eremula
781 775 942 855 edocent;
968 773 1112 862 argillam
1126 773 1299 862 plurimam

167 888 213 933 ex
240 863 462 934 fatiscentibus
488 867 587 952 petris
613 866 817 946 durioribus,
844 862 913 936 stve
937 866 1017 953 ignis
1041 864 1241 935 subterranei
1263 865 1299 934 vi

168 958 349 1048 progenita
368 957 510 1040 suerint,
540 953 608 1027 live
624 957 720 1024 aliam
744 955 905 1043 originem
928 959 1045 1044 nacla,
1072 957 1182 1043 quales
1204 983 1237 1024 v.
1265 981 1298 1045 g.

167 1043 320 1138 spathum
352 1045 553 1133 scintillans,
579 1045 732 1118 schistos.
763 1049 845 1115 mica
878 1051 939 1116 &c
978 1069 1028 1116 tot
1053 1047 1299 1118 observationes

166 1137 288 1208 nostris
313 1139 516 1226 temporibus
541 1137 648 1208 ubivis
671 1135 773 1208 obvia
801 1135 1001 1224 loquuntnr;
1036 1138 1174 1206 multant
1194 1163 1299 1208 arena

168 1251 300 1319 partem
325 1227 412 1298 idern
446 1229 661 1316 primordium
698 1251 853 1314 capere,
889 1229 985 1298 aliam
1010 1255 1075 1298 non
1099 1228 1231 1316 quidem
1254 1254 1297 1300 ex

173 1345 279 1405 aqua,
309 1317 364 1389 sed
399 1346 509 1408 aqua,
543 1320 619 1388 dum
657 1341 696 1385 ex
725 1317 856 1390 summis
891 1318 1049 1388 montium
1077 1319 1299 1392 cacuminibus·

164 1435 309 1500 ptaeceps
333 1410 439 1498 agitur
462 1410 605 1497 lapidum
628 1408 728 1478 frusta
745 1408 853 1480 secum
881 1409 1036 1498 rapientis
1059 1434 1093 1480 et
1111 1411 1298 1481 triturando

164 1501 202 1572 in
235 1501 370 1592 granula
402 1498 654 1571 comminuentis
686 1501 719 1569 vi
752 1500 829 1568 oriri
863 1502 1059 1586 neminem,
1092 1502 1146 1590 qui
1175 1523 1297 1572 natura

165 1593 325 1664 continue
351 1594 475 1682 agentis
494 1589 774 1680 contemplatione
804 1591 1007 1679 delebatur,
1036 1591 1140 1662 latere
1168 1614 1293 1680 putem.

212 1729 353 1800 Talcum
384 1728 559 1818 pluresque
591 1728 737 1818 lapides,
761 1756 840 1817 quot
872 1731 910 1800 Β.
941 1732 1047 1802 Autor
1078 1729 1155 1801 huic
1181 1729 1296 1819 generi

164 1819 327 1907 subiecit,
351 1826 392 1899 δι,
406 1821 551 1894 asbestos
566 1843 687 1892 terram
705 1823 901 1906 continere,
926 1846 1018 1909 qrrae,
1039 1823 1187 1908 quamvis
1208 1849 1228 1892 a
1247 1823 1292 1888 B.

167 1911 368 2004 Morcgrafio
392 1916 457 1996 iarn
486 1937 641 2002 tanquam
676 1938 749 2000 pars
786 1915 937 2000 princeps
971 1912 1212 1984 evidentissime
1232 1913 1295 1981 de·

167 2003 351 2076 monstrata
378 1999 448 2087 stt,
481 2006 522 2076 ab
561 2001 631 2091 ipso
651 2002 803 2089 ¹neglesla
835 2003 919 2086 fuit,
953 1999 1151 2091 magnesiam
1186 2002 1293 2072 albam

167 2090 318 2174 scilicet,
347 2096 498 2166 novimus
532 2119 648 2165 ornnes
674 2117 684 2178 3
712 2096 798 2164 hanc
823 2118 931 2164 aurem
963 2120 1004 2166 ex
1037 2093 1147 2180 argilla
1176 2092 1292 2179 nasci,

167 2183 417 2350 poppone,
448 2183 656 2258 asseverante
694 2185 843 2285 quamvis
867 2186 1032 2275 Linrraeo,
1068 2181 1128 2256 fibi
1159 2181 1294 2276 persua·

194 2302 289 2352 eu.

215 2415 335 2490 Schisti
360 2438 488 2504 patrem
515 2439 556 2486 ex
583 2417 685 2484 humo
706 2413 817 2497 nasci,
842 2415 954 2505 negati
989 2415 1045 2486 vix
1070 2415 1199 2504 potest3
1222 2413 1294 2502 plu-

170 2509 292 2582 rimum
308 2520 391 2576 uero
404 2508 541 2596 lapidis,
557 2508 619 2575 hoc
635 2507 769 2576 nomine
787 2503 944 2596 designati
956 2531 1082 2595 partem
1100 2509 1293 2594 ‚&humo,

170 2606 205 2672 ἃ
230 2600 380 2670 omnibus
412 2597 604 2686 corporibus
639 2596 720 2669 vivis
750 2651 759 2679 ‚
798 2623 839 2668 ex
875 2624 1014 2686 quorum
1044 2597 1144 2667 ruinis
1179 2600 1294 2666 humus

169 2689 311 2852 exporgit
325 2744 335 2776 ‚
351 2689 570 2778 antiquiorem
588 2686 677 2777 else,
700 2691 769 2775 eius
784 2689 818 2760 in
838 2691 1003 2761 montibus
1023 2687 1098 2762 snus
1113 2687 1294 2760 luculenter

169 2804 206 2854 te
239 2803 321 2851 atur.
725 2809 726 2814 ¹

218 2919 365 2990 Ochram
400 2919 433 2988 in
458 2945 557 3008 quam
592 2917 724 2989 schistus
756 2916 921 2989 interdum
952 2875 1155 3011 resolvitur,
1180 2949 1246 2992 nnn
1274 2953 1295 2998 a

171 3015 313 3085 materie
327 3010 435 3081 schisti
449 3007 569 3099 ipsius,
594 3005 647 3079 sed
663 3010 704 3079 ab
719 3009 921 3080 innidulanre
936 3011 1042 3102 sapius
1067 3019 1099 3088 ὅ(
1123 3014 1295 3090 fatiscente
1393 3042 1395 3046 ·

170 3106 278 3193 pyrita
296 3100 457 3196 proficisci
479 3156 489 3190 ,
517 3099 617 3172 facile
630 3099 680 3171 est
699 3099 934 3186 demonstratu.

219 3241 355 3314 Calcem
370 3242 403 3310 in
420 3237 542 3312 filicem
554 3240 715 3322 converti,
733 3238 803 3310 sunt
818 3239 970 3328 utique&
984 3243 1093 3316 nostra
1107 3246 1169 3316 hac
1179 3270 1270 3318 atate
1279 3299 1293 3336 ,

150 3335 228 3426 'qui
251 3333 484 3410 contendant;
511 3352 544 3403 at
585 3353 762 3418 caveant,
800 3356 842 3400 ne
873 3357 996 3404 meram
1036 3335 1293 3423 segregationem

144 3455 148 3465 ¹
170 3425 405 3516 particularum
432 3419 616 3494 filicearum
648 3450 666 3492 a
701 3421 864 3499 calcastis.
881 3424 995 3509 quibus
1021 3424 1100 3512 sape
1128 3429 1296 3502 intertritae

172 3517 275 3602 sunt,
298 3542 359 3606 pro
385 3515 642 3586 commutatione
662 3514 780 3584 harum
807 3513 840 3582 in
864 3512 939 3587 illuc
964 3515 1118 3588 habeant.

218 3648 453 3738 Crystallotum
468 3652 716 3732 generationem
739 3650 807 3724 salis
830 3655 1026 3727 adminiculo
1053 3655 1193 3728 mirifice
1217 3685 1295 3745 pro·

173 3745 330 3824 moveri,
356 3768 400 3813 ex
438 3741 574 3814 officinis
606 3742 761 3812 chemicis
802 3746 964 3832 constat;
1004 3748 1131 3819 constat
1164 3751 1293 3836 etiam,

171 3857 276 3906 terras
304 3859 386 3920 aqua
408 3837 502 3903 acido
523 3847 624 3904 aereo
649 3836 989 3922 impraegnata'solutas
1012 3843 1074 3910 hoc
1089 3837 1203 3912 sensim
1221 3839 1294 3909 san·

170 3924 298 4019 simque
323 3921 504 4018 effugiente
534 3925 660 3999 facilius
684 3924 780 4020 longe
804 3927 1029 4023 crystallorum
1051 3933 1158 4013 forma
1184 3931 1294 4026 praci-
