2914 4558
177 517 695 646 PuAEeArro
741 517 1254 645 untionis.

581 815 845 842 φ*

145 914 213 1055 SI
237 977 271 1050 in
297 981 388 1054 omni
405 979 466 1052 alia
490 979 631 1052 historia
646 980 801 1052 naturalis
827 1003 925 1072 parte¹
944 979 1079 1072 prellius
1104 979 1191 1070 sequi
1220 980 1283 1064 im·

147 1071 325 1145 mortalem
346 1075 529 1158 Autoretn,
553 1073 697 1146 muneris
720 1075 784 1144 mei
808 1074 877 1144 elle
898 1077 1033 1162 putavi,
1054 1073 1088 1142 in
1110 1075 1172 1142 hac
1187 1097 1280 1144 certe

147 1163 239 1232 viatn
266 1167 372 1236 abeo
397 1165 555 1234 calcatam
579 1169 616 1236 &
637 1163 915 1252 praemonllratam
941 1163 1103 1254 paulisper
1124 1162 1283 1254 deserere

149 1253 324 1325 consultius
335 1255 432 1340 dexi3
454 1281 519 1324 non
533 1257 621 1326 enim
635 1279 730 1326 morae
742 1254 906 1324 modestia
918 1304 933 1341 ‚
951 1255 1005 1325 sed
1019 1255 1165 1326 veritatis
1177 1252 1282 1344 figillo

147 1367 263 1416 notata
284 1345 377 1432 sunt,
401 1373 469 1434 quar
487 1347 519 1414 in
546 1347 655 1433 primis
676 1343 734 1414 suat
757 1347 950 1436 prelationis
965 1346 1059 1416 lineis
1075 1347 1278 1416 enunciavit.

196 1483 356 1576 Quamvis
379 1482 479 1558 ntulta
493 1481 586 1570 sagax
603 1483 815 1570 previderet,
835 1509 903 1572 qua
924 1482 1034 1556 nostra
1056 1483 1189 1556 demum
1205 1477 1283 1556 atas.

147 1573 183 1644 in
211 1575 356 1660 apricum
380 1575 534 1664 protulit,
560 1595 626 1646 tam
651 1571 751 1646 multa
776 1583 914 1657 tamen,
937 1573 1006 1646 srve
1031 1577 1070 1646 ad
1095 1577 1277 1664 principia,

148 1665 193 1735 ab
213 1690 256 1736 eo
277 1667 318 1736 ad
337 1667 565 1752 explicandam
581 1665 785 1736 mineraliunt
804 1667 1052 1754 generationem
1066 1721 1073 1751 ‚
1087 1673 1119 1738 dt
1135 1668 1279 1738 formant

148 1755 340 1848 praesentem
364 1758 532 1842 stabilita,
560 1753 628 1827 five
649 1758 689 1826 ad
710 1755 971 1826 distributionem
998 1759 1030 1826 in
1057 1753 1192 1842 clalles,
1222 1782 1278 1826 or-

146 1847 242 1917 dines
256 1899 270 1936 ,
293 1853 460 1936 genera&
478 1847 601 1936 species
615 1902 624 1932 ‚
640 1873 677 1917 ac
690 1847 902 1917 fundamenta
915 1905 922 1924 ‚
937 1849 1051 1936 quibus
1070 1847 1123 1917 illa
1138 1847 1274 1934 nititur,

148 1933 221 2008 five
242 1940 385 2028 denique
409 1941 561 2009 adnotes
585 1938 755 2026 respicias,
781 1939 896 2026 quibus
917 1943 1134 2026 urgerem&
1152 1937 1284 2027 species.

143 2027 313 2117 distinxit,
335 2031 607 2101 tumimmuranda
619 2081 633 2116 ,
656 2052 722 2100 tunt
749 2031 899 2100 addenda
919 2051 1118 2114 occurrunt,
1133 2055 1199 2118 quae
1219 2051 1276 2100 aut

145 2120 251 2190 fertili
273 2119 330 2190 suo
352 2121 483 2208 ingenio
518 2122 593 2192 hinc
615 2121 692 2190 inde
728 2119 823 2192 nimis
858 2119 1053 2210 indulgens,
1081 2119 1278 2212 praetervidit

146 2210 187 2281 B.
211 2213 343 2299 Autor,
367 2233 504 2282 auctum
524 2213 705 2284 coaevoru'rn
723 2211 931 2301 ipsorumque
956 2217 1029 2297 ejuu
1044 2211 1278 2302 popularium,

147 2323 218 2372 turn
240 2302 515 2392 mineralogorum
550 2303 695 2374 nostram
730 2308 815 2374 hanc
847 2325 974 2375 aetatern
1010 2306 1199 2374 ornantium
1229 2301 1275 2372 T.

146 2396 324 2484 Bergmuni
353 2449 363 2481 ,
398 2393 564 2486 Sclerlii,
600 2393 959 2481 Ferberi,1<irwaai‚
984 2391 1198 2466 Generosrll.
1232 2395 1277 2464 de

149 2482 344 2568 Velrluim,
386 2486 521 2558 Trebras
557 2490 590 2558 &
632 2485 687 2558 W
684 2483 801 2574 affert,
838 2483 1038 2574 Saufflrrii,
1076 2482 1278 2573 Hoepfiteri,
1330 2499 1334 2512 '

145 2575 176 2644 S
180 2578 273 2646 ennii
283 2630 294 2662 ,
318 2575 446 2670 Meyeri
458 2630 467 2661 ‚
497 2577 644 2670 Meyeri‚
674 2574 863 2664 Klaprotltii
880 2579 904 2662 ‚'
923 2571 1078 2648 Gerdardi
1101 2631 1110 2659 ,
1144 2577 1277 2646 Bruck·

144 2667 282 2747 manni,
311 2665 459 2740 Werneri
484 2671 516 2740 δι
540 2665 770 2756 precipuorum
791 2665 919 2740 Clarill.
949 2668 1019 2738 Viri
1043 2665 1278 2753 discipulorum
1317 2746 1322 2750 ,

149 2757 286 2848 Voigtii
298 2813 307 2844 ,
320 2755 478 2848 Karstenii
489 2813 498 2841 ‚
512 2759 567 2830 W
563 2755 747 2827 idenmunni
756 2750 770 2843 ‚⁵
781 2758 973 2852 Hoffmannt'
983 2811 997 2848 ,
1011 2785 1111 2848 porro
1121 2757 1280 2850 Patami,

147 2847 300 2940 Georgii,
325 2849 458 2938 Fortis,
472 2849 530 2918 Sc.
544 2851 702 2918 Brislacii
715 2851 922 2938 aliorumque
940 2849 1101 2923 induiella
1117 2849 1280 2920 industria

146 2941 311 3010 recentius
330 2939 476 3025 detexit,
500 2961 556 3010 aut
581 2939 707 3012 felicius
727 2942 903 3034 ingenium·
930 2941 1103 3014 dilucidius
1129 2940 1285 3030 exposuit·

147 3029 308 3103 meliusve
332 3029 507 3120 perspexit.
876 3061 881 3072 ¹
1385 3037 1388 3043 ’

191 3169 292 3258 Aqua
314 3169 384 3241 suos
405 3168 531 3241 natales
547 3169 673 3241 debere
692 3191 817 3250 terram
839 3169 892 3242 vel
918 3157 1101 3266 reiragatur
1116 3165 1281 3242 omnibus.

81 3273 85 3282 '
148 3285 225 3348 quaa
246 3263 289 3330 de
312 3283 384 3330 ortu
408 3284 500 3332 terra
523 3265 660 3351 eiusque
682 3268 714 3334 dt
735 3289 823 3350 aque
845 3287 923 3333 vera
952 3259 1070 3334 indole'
1093 3259 1273 3345 concipere

135 3347 225 3422 licer
239 3401 254 3437 ,
273 3352 463 3435 cuniecluris
477 3401 492 3440 ‚
516 3353 570 3424 uel
586 3355 738 3443 ambigue
755 3354 867 3425 saltem
882 3355 1002 3426 didum
1014 3347 1084 3433 est;
1098 3349 1273 3438 plurimam

148 3459 243 3514 terre
273 3465 429 3532 partem,
467 3469 566 3552 puanr
600 3444 710 3516 nollra
737 3447 798 3518 hac
825 3468 917 3518 aetate
939 3447 1021 3514 &a
1053 3441 1160 3512 multis
1182 3463 1274 3514 retro

148 3529 260 3604 seculis
280 3531 398 3605 liccam
420 3534 556 3605 coluntur
579 3588 589 3621 ,
614 3536 691 3606 olim
719 3535 809 3608 infra'
828 3561 927 3624 aquas
943 3531 1062 3604 haefiffe
1075 3584 1089 3620 ,
1112 3529 1276 3620 marifque

148 3626 238 3696 undis
265 3628 406 3708 teclam,
436 3630 471 3720 &¹
490 3625 655 3714 strperiora
685 3648 778 3702 tercae
797 3628 911 3702 nostra
937 3628 969 3698 in
995 3624 1142 3713 plurimis
1161 3627 1273 3712 regio·
1318 3652 1322 3661 ·

149 3715 238 3786 nibus
262 3715 360 3786 strata
379 3770 388 3798 ‚
409 3742 474 3786 non
499 3716 651 3792 constent
669 3716 730 3792 nist
749 3742 895 3794 terraer
914 3718 963 3792 his
983 3719 1097 3806 aquis,
1120 3737 1180 3806 pot
1193 3739 1279 3802 quit-

80 3823 83 3828 ·
149 3826 243 3878 antea
262 3807 403 3896 dispersa
425 3827 496 3882 erat
511 3861 519 3892 ‚
535 3809 774 3898 precipitata&
793 3809 984 3883 animalium
997 3826 1011 3894 ,'
1026 3809 1284 3896 attenuandam

149 3896 202 3970 has
227 3925 326 3990 aquas
352 3898 606 3984 inhabitabant,
631 3901 731 3974 ruinis
748 3931 762 3990 ,g
790 3901 924 3974 cuilibet
959 3894 1285 3980 natumrffirinam

149 4011 275 4064 attento
299 3992 410 4064 animo
431 3989 643 4084 perlustranti
657 4047 670 4085 ,
698 3988 786 4066 ultro
812 4013 913 4084 patet.
943 4033 946 4042 =
1199 3991 1205 3998 ’

976 4082 1060 4173 Aia
