2914 4558
219 247 258 306 r2
468 263 722 341 »reanum
755 281 1065 364 rariorum.
1144 337 1148 342 ·
1192 375 1200 389 ἡ

255 391 460 500 quadruplices
474 434 629 511 praeprimis
643 442 854 512 observantur:
873 453 989 536 Foffilia

251 496 374 574 preffa,
402 501 431 561 T
429 511 686 586 ranssttlrstamiata
706 567 715 596 ,
742 529 782 589 ita
803 533 827 591 st

254 569 379 658 Scusto,
400 582 486 662 Cute,
508 613 542 653 ac
558 597 651 662 invisa
669 606 781 690 Apyris
797 655 808 684 ,
831 613 912 704 Saxo
927 667 937 694 ,
961 624 1082 708 Quartpo
1097 679 1106 708 ,
1123 633 1214 712 Spato
1231 658 1340 701 extero·

207 697 444 774 PARADOXA
463 723 542 782 varia
562 727 721 794 etiamnum
741 738 864 822 seposuit
884 743 954 810 attis
972 755 1124 820 calamitas
1143 783 1150 822 :

289 809 462 882 Fissuuns
478 827 606 906 Rupium
625 837 817 906 consolidans
836 848 913 910 clare
934 851 1121 942 distinsleque
1139 867 1284 952 vidimus,
1309 892 1340 936 at

329 914 396 973 quae
414 905 456 962 vis
476 909 600 971 valuerit
618 936 665 974 eas
682 919 838 1002 frangere,
862 951 921 991 non
939 941 1033 1016 attigi.
1217 949 1223 962 ”

1001 509 1010 535 ,
1032 467 1259 548 Redintegrata,
1277 476 1344 538 Im-

830 543 966 614 equentia
991 547 1020 604 in
1041 547 1209 629 Marmore,
1227 555 1344 632 Silice,

714 1025 771 1086 ndo
783 1033 915 1108 genitum
927 1059 960 1096 ex
973 1045 1051 1100 cavis
1062 1049 1176 1126 replerit
1188 1057 1339 1136 perspexi,

327 1101 401 1156 nec,
419 1087 475 1150 fine
489 1097 637 1172 rhombis,
654 1121 789 1172 autorum
803 1113 924 1190 Spatum
941 1141 1068 1201 unquam
1083 1137 1221 1212 concepi,
1239 1157 1269 1198 at
1282 1163 1334 1202 cut

325 1161 357 1219 in
382 1164 516 1232 rhombos
541 1177 719 1258 frangatur,
748 1195 895 1255 nonsatis
917 1201 1074 1282 intellexi,
1101 1231 1151 1272 aut
1176 1221 1333 1294 quaudoe

322 1244 597 1320 cubico-muriatico
611 1261 781 1335 rhombeum
798 1277 937 1352 evaserat.

283 1343 492 1492 Amrultlurum
513 1381 529 1420 e
548 1380 624 1426 terra
643 1369 727 1435 Talei
752 1374 961 1455 'regeneratum
981 1388 1063 1464 vidi,
1088 1409 1118 1452 at
1135 1398 1251 1461 causata
1269 1424 1329 1467 non
1399 1417 1401 1422 '

321 1449 382 1490 mre
407 1456 462 1498 ext.

277 1531 549 1606 Mortuumuum
564 1553 743 1618 metallicum
755 1559 809 1641 effe
821 1560 950 1631 dubitare
961 1593 1021 1633 non
1034 1581 1136 1656 potui,
1151 1585 1244 1647 Zinco
1254 1590 1330 1672 sapa

317 1636 467 1696 praegnans
480 1645 531 1686 aut
543 1630 654 1694 stanno
667 1659 684 1696 a
698 1643 786 1700 variis
800 1643 904 1722 didici,
921 1671 959 1710 au
972 1677 1049 1716 mere
1061 1661 1119 1720 tale
1133 1684 1194 1724 non
1206 1671 1323 1734 credidi.

276 1718 564 1809 JUDilrcomlapides
579 1757 594 1796 e
608 1759 726 1820 corpore
741 1767 815 1806 cavo
832 1753 992 1828 petrificata
1010 1757 1063 1820 esse
1078 1763 1239 1844 perspicio,
1256 1794 1325 1836 cum
1396 1843 1399 1845 ,

315 1803 405 1881 Spato
438 1828 453 1866 e
469 1811 558 1874 fluido
574 1838 735 1900 generato,
762 1828 836 1908 saepe
853 1834 906 1892 toti
929 1835 1078 1914 constent,
1099 1862 1129 1904 at
1147 1869 1162 1906 a
1178 1852 1322 1927 quo'ani-

311 1885 452 2020 prasiorti
465 1889 537 1972 snt,
554 1919 601 1966 rue
617 1903 732 1984 prorsus
747 1908 844 1988 sugit,
866 1933 957 1994 quum
972 1917 1074 1980 Echini
1088 1946 1147 2001 non
1157 1931 1229 1988 mihi
1240 1932 1320 1996 satis·

326 1984 444 2031 ecerrnt.

186 2085 303 2151 satta
320 2098 457 2176 primatia
475 2109 601 2184 gaudent
617 2121 730 2198 propria
748 2121 778 2180 b(
794 2121 985 2190 determinata
1000 2131 1118 2212 figura,
1141 2139 1187 2199 sed
1206 2159 1318 2212 mutata

228 2171 331 2252 saepiut
354 2185 523 2248 exoriuntur
547 2195 577 2251 in
602 2197 744 2260 diversam
765 2205 851 2264 etiam
873 2207 1091 2276 determinatam
1114 2237 1122 2292 ς
1146 2239 1175 2280 at
1196 2243 1231 2281 ex
1255 2247 1315 2304 qua

225 2255 342 2318 miscela
367 2269 484 2342 proptia
509 2291 559 2330 aut
584 2279 707 2339 mixtura
732 2285 828 2344 aliena
854 2304 967 2351 terrena
995 2296 1123 2356 nondum
1169 2303 1318 2382 etspexere

208 2333 357 2416 'Halurgi
379 2344 515 2427 Cumque
525 2356 649 2417 Metalla
662 2381 695 2420 ex
705 2322 1194 2456 salegeueranturcrystallisandb,
1210 2386 1313 2477 frustra

128 2475 129 2478 Ἴ
182 2453 186 2466 .
222 2415 253 2473 in
272 2419 458 2488 Metallorum
484 2453 580 2496 veram
599 2446 884 2510 transformationem
908 2451 1081 2516 desudarunt
1104 2461 1314 2542 Alchetmllae,

224 2502 364 2574 quamdiu
381 2503 442 2566 haec
460 2511 563 2576 salium
576 2525 812 2605 metamorphosis
827 2531 985 2592 etiamnum
1004 2536 1112 2611 luteae,
1133 2562 1222 2620 quam
1239 2549 1314 2612 adeo

222 2582 415 2658 neglexerunt
431 2593 605 2680 Metallurgi
619 2647 629 2677 ,
650 2625 684 2664 ac
697 2607 728 2666 in
743 2615 883 2672 terrarum
899 2615 996 2675 indole
1015 2621 1066 2678 toti
1085 2621 1175 2684 suere.

179 2704 351 2793 STRATn
364 2737 492 2800 Telluris
506 2743 535 2821 ⁴)
553 2768 586 2806 ex
601 2753 690 2830 ruptis
704 2757 850 2818 montibus
864 2762 1025 2833 conformia
1039 2766 1142 2847 saepius
1157 2771 1237 2849 vidi,
1253 2784 1309 2839 dec

219 2823 317 2881 tamen
335 2815 433 2880 dixero
448 2827 545 2886 omnia
562 2828 690 2908 ejusdem
710 2841 823 2914 generis
841 2839 896 2902 esse
915 2862 943 2903 et
960 2845 1114 2934 pelagica:

246 2973 248 2980 ,
298 2934 326 2977 1.
347 2921 482 2988 infimum
536 2932 654 2998 econ.

297 3041 325 3086 α.
348 3027 506 3097 secundum
535 3037 688 3117 euaristo.

253 3163 259 3170 ¹-
295 3145 323 3211 3·
345 3139 462 3200 tertium
531 3145 945 3248 eMarmore,uidulantibus
958 3165 1129 3230 Petrificatis
1143 3171 1309 3252 Pelagius»
1353 3251 1356 3257 Ι

533 3271 536 3274 -
620 3231 695 3312 saepe
711 3237 873 3301 etiamnum
890 3247 1059 3324 peregrinis.

293 3331 322 3396 4.
345 3339 480 3402 quartum
528 3350 544 3390 e
568 3331 685 3411 Schisso.

253 3495 256 3505 V
293 3442 321 3502 5.
342 3427 507 3509 supremum
527 3455 543 3500 e
564 3435 652 3521 Saxo,
665 3443 806 3524 tupeslti,
828 3449 901 3532 sape
917 3452 1084 3523 vallislimo.

184 3565 1299 3631 ,muntium-*nu—-t——h--tm--Q

200 3665 231 3732 ἢ)
245 3667 330 3722 Strata
342 3685 414 3724 tetrae
427 3680 521 3742 varia,
538 3684 624 3745 aquati
634 3688 718 3746 ordine
733 3694 754 3741 Cr
770 3690 884 3763 dipsnntla
895 3696 1030 3762 corfiumer
1043 3699 1195 3762 observantur
1207 3739 1215 3766 ,
1233 3706 1298 3755 ideo·

245 3781 288 3828 que
310 3765 333 3814 Cr
354 3773 401 3817 hac
416 3767 464 3828 sirii
482 3777 605 3838 accretio,
626 3789 676 3828 tam
694 3781 750 3834 bene
768 3783 897 3848 distinata,
919 3795 1039 3840 multorum
1047 3791 1181 3859 semiorum
1196 3800 1298 3862 potius,

245 3872 315 3920 quam
331 3863 458 3912 eommunis
475 3863 614 3931 cataclysmi
632 3875 810 3926 tumultuarium
825 3877 1018 3933 &turbulentum
1034 3900 1091 3950 opus
1102 3885 1187 3956 teristri
1199 3887 1293 3941 dcitur·

245 3943 373 4004 Rumam.
393 3963 458 4006 mut.
476 3966 535 4021 279.
584 3951 587 3957 '
